\begin{bibliography}{10}
@misc{guideCherryPy,
	author="Guião prático relativo a uso de CherryPy" ,
	title="Documento usado para pesquisa",
	howpublished = "\url{https://elearning.ua.pt/pluginfile.php/196434/mod_resource/content/10/guide-17-web-applications-and-services.pdfl}",
	note = "[Online; acedido em Maio e Junho 2019]"
}
@misc{guideDB,
	author= "Guião prático relativo a bases de dados",
	title= "Documento para pesquisa",
	howpublished = "\url{https://elearning.ua.pt/pluginfile.php/197655/mod_resource/content/9/guide-18-databases.pdf}",
	note = "[Online; acedido em Maio e Junho 2019]"
}
@misc{guideIm,
	author= "Guião prático relativo a tratamento de imagem",
	title= "Documento para pesquisa",
	howpublished = "\url{https://elearning.ua.pt/pluginfile.php/203698/mod_resource/content/8/guide-19-images.pdf}",
	note = "[Online; acedido em Maio e Junho 2019]"
}
@misc{guideMobi,
	author= "Guião prático relativo a aplicações móveis",
	title= "Documento para pesquisa",
	howpublished = "\url{https://elearning.ua.pt/pluginfile.php/201682/mod_resource/content/12/guide-20-mobile.pdf}",
	note = "[Online; acedido em Maio e Junho 2019]"
}
@misc{W3,
	author= "W3 Schools",
	title= "Site para pesquisa",
	howpublished = "\url{https://www.w3schools.com/}",
	note = "[Online; acedido em Maio e Junho 2019]"
}
@misc{SOvf,
	author= "StackOverflow",
	title= "Site para tirar dúvidas",
	howpublished = "\url{https://stackoverflow.com/}",
	note = "[Online; acedido em Maio e Junho 2019]"
}

@misc{CherryPy,
	author= "Documentação relativa a CherryPy",
	title= "Site para pesquisa",
	howpublished = "\url{https://docs.cherrypy.org/en/latest/pkg/modules.html}",
	note = "[Online; acedido em Maio e Junho 2019]"
}

@misc{JS,
	author= "Documentação relativa a JavaScript",
	title= "Site para pesquisa",
	howpublished = "\url{https://devdocs.io/javascript/}",
	note = "[Online; acedido em Maio e Junho 2019]"
}

@misc{Im1,
	author= "Imagens usadas",
	title= "Fonte de imagens",
	howpublished = "\url{https://http://unsample.net}",
	note = "[Online; acedido em Maio e Junho 2019]"
}

@misc{Im2,
	author= "Imagens usadas",
	title= "Fonte de imagens",
	howpublished = "\url{https://www.deviantart.com/efruse/art/Photopack-004-Random-pictures-584935127}",
	note = "[Online; acedido em Maio e Junho 2019]"
}
\end{bibliography}
